
@article{theEconomicAndSocialValue,
    author =       "Knowledge Wharton",
    title =        "{Smart City. The Economic and
Social Value of Building
Intelligent Urban Spaces}. ({English})",
    journal =      "",
    volume =       "",
    number =       "",
    pages =        "1--52",
    year =         "2016",
    DOI =          "https://www.gfi.world/uploads/media/Article/0001/04/68a1dc9b62543248246cbfb7e491e35218ac425f.pdf"
}

@misc{explainPGPEncryption,
  title = {Explain PGP Encryption: An Operational Introduction},
  howpublished = {https://www.alienvault.com/blogs/security-essentials/explain-pgp-encryption-an-operational-introduction},
  author = {CryptoCypher (https://twitter.com/CryptoCypher)},
  note = {Accessed: 16-01-2019}
}
@misc{howPGPworks,
  title = {How PGP works},
  howpublished = {https://users.ece.cmu.edu/\textasciitilde adrian/630-f04/PGP-intro.html},
  note = {Accessed: 16-01-2019}
}
@misc{SmartCityDefinition,
  title = {Smart City Definition},
  howpublished = {https://www.techopedia.com/definition/31494/smart-city},
  note = {Accessed: 16-01-2019}
}
@misc{SmartCityTorino,
  title = {Torino Smart City: ecco la nostra idea di città innovativa},
  howpublished = {https://www.agendadigitale.eu/infrastrutture/torino-smart-city-ecco-la-nostra-idea-di-citta-innovativa/},
  note = {Accessed: 01-01-2019}
}
@misc{TorinoPiazzaSmart,
  title = {Smart city, dalla teoria alla pratica: Torino sperimenta la piazza intelligente},
  howpublished = {https://www.lastampa.it/2016/10/21/scienza/smart-city-dalla-teoria-alla-pratica-torino-sperimenta-la-piazza-intelligente-BzUQcqwrpWFXHk8bLW1wCN/pagina.html},
  note = {Accessed: 01-01-2019}
}
@misc{TorinoPrimaSmartCity,
  title = {Torino diventi la prima “Smart City”},
  howpublished = {https://www.lastampa.it/2017/12/13/cultura/torino-diventi-la-prima-smart-city-dXACyC1mgCcugfsYo3HqVO/pagina.html},
  author = {Rettore del Politecnico di Torino},
  note = {Accessed: 01-01-2019}
}
@misc{MqttStandard,
  title = {MQTT Version 3.1.1},
  howpublished = {http://docs.oasis-open.org/mqtt/mqtt/v3.1.1/os/mqtt-v3.1.1-os.pdf},
  author = {},
  note = {Accessed: 18-01-2019}
}
@misc{MqttIBM,
  title = {MQ Telemetry Transport (MQTT) V3.1 Protocol Specification},
  howpublished = {http://public.dhe.ibm.com/software/dw/webservices/ws-mqtt/MQTT\_V3.1\_Protocol\_Specific.pdf},
  author = {IBM},
  note = {Accessed: 18-01-2019}
}
@misc{UNProjection,
  title = {68\% of the world population projected to live in urban areas by 2050, says UN},
  howpublished = {https://www.un.org/development/desa/en/news/population/2018-revision-of-world-urbanization-prospects.html},
  note = {Accessed: 18-01-2019}
}
@misc{pmSensorGithub,
  title = {SDS011-Wrapper},
  howpublished = {https://github.com/triforcely/sds011-wrapper.git},
  note = {Accessed: 01-01-2019}
}
@misc{ionosPostgres,
  title = {PostgreSQL: il sistema di gestione del database relazionale a oggetti},
  howpublished = {https://www.ionos.it/digitalguide/server/know-how/postgresql/},
  author = {1&1 IONOS}
}
@misc{OpenPGPgoanywhere,
  title = {OpenPGP Encryption},
  howpublished = {https://www.goanywhere.com/managed-file-transfer/encryption/open-pgp},
  author = {}
}
@misc{StockholmStrategy,
  title = {Strategy for Stockholm as a smart and connected city},
  howpublished = {https://international.stockholm.se/globalassets/ovriga-bilder-och-filer/smart-city/summary-of-the-strategy-for-stockholm-as-a-smart-and-connected-city.pdf},
  author = {}
}

@misc{StockholmProjects,
  title = {How the smart city develops},
  howpublished = {https://international.stockholm.se/governance/smart-and-connected-city/how-the-smart-city-develops/},
  author = {}
}

@misc{evolvere,
  title = {Le migliori Smart City del mondo},
  howpublished = {https://adesso.evolvere.io/it/smart-city-migliori-al-mondo},
  author = {}
}

@misc{setupraspberry,
  title = {Set up a Raspberry Pi Without an External Monitor or Keyboard},
  howpublished = {https://dev.to/wiaio/set-up-a-raspberry-pi-without-an-external-monitor-or-keyboard--c88},
  author = {}
}